%camera ref
@misc{calibCameraModels,
    author = {},
    title = {{C}amera {M}odels {E}xplained --- calib.io},
    howpublished = {\url{https://calib.io/blogs/knowledge-base/camera-models}},
    year = {},
    note = {[Accessed 08-02-2025]},
}


@misc{opencvCameraCalibration,
    author = {},
    title = {{C}amera {C}alibration and 3{D} {R}econstruction 2014; {O}pen{C}{V} documentation --- docs.opencv.org},
    howpublished = {\url{https://docs.opencv.org/2.4/modules/calib3d/doc/camera_calibration_and_3d_reconstruction.html}},
    year = {},
    note = {[Accessed 08-02-2025]},
}

% -------------------------------------------------------



@book{lavalle2006planning,
  title={Planning algorithms},
  author={LaValle, Steven M},
  year={2006},
  publisher={Cambridge university press}
}


@book{choset2005principles,
  title={Principles of robot motion: theory, algorithms, and implementations},
  author={Choset, Howie and Lynch, Kevin M and Hutchinson, Seth and Kantor, George A and Burgard, Wolfram},
  year={2005},
  publisher={MIT press}
}


@book{lynch2017,
title = "Modern Robotics: Mechanics, Planning, and Control",
author = "Lynch, {Kevin M} and Park, {Frank C.}",
year = "2017",
language = "English (US)",
isbn = "978-1107156302",
publisher = "Cambridge Univeristy Press",
}



@book{latombe2012robot,
  title={Robot motion planning},
  author={Latombe, Jean-Claude},
  volume={124},
  year={2012},
  publisher={Springer Science \& Business Media}
}



@incollection{kavraki2016motion,
  title={Motion planning},
  author={Kavraki, Lydia E and LaValle, Steven M},
  booktitle={Springer handbook of robotics},
  pages={139--162},
  year={2016},
  publisher={Springer}
}




